<record xmlns="http://www.openarchives.org/OAI/2.0/" xmlns:xsi="http://www.w3.org/2001/XMLSchema-instance"><header><identifier>oai:alma.34CSIC_INST:990012212240204201</identifier><datestamp>2020-02-06T08:41:03Z</datestamp><setSpec>manuscripta</setSpec></header><metadata><record xmlns="http://www.loc.gov/MARC21/slim" xmlns:xsi="http://www.w3.org/2001/XMLSchema-instance" xsi:schemaLocation="http://www.loc.gov/MARC21/slim http://www.loc.gov/standards/marcxml/schema/MARC21slim.xsd"><leader>01688ntm a2200373 i 4500</leader><controlfield tag="005">20181031100336.0</controlfield><controlfield tag="008">100202s17uu                  000 0 heb d</controlfield><controlfield tag="001">990012212240204201</controlfield><datafield tag="035" ind1=" " ind2=" "><subfield code="a">CSIC001221224</subfield></datafield><datafield tag="035" ind1=" " ind2=" "><subfield code="a">(ES-MaCSI)001221224MAD01-Aleph</subfield></datafield><datafield tag="035" ind1=" " ind2=" "><subfield code="a">(OCoLC)1123780352
</subfield></datafield><datafield tag="040" ind1=" " ind2=" "><subfield code="a">ES-MaCSI</subfield><subfield code="b">spa</subfield></datafield><datafield tag="080" ind1=" " ind2=" "><subfield code="a">091(=411.16)</subfield></datafield><datafield tag="080" ind1=" " ind2=" "><subfield code="a">2 Biblia</subfield></datafield><datafield tag="130" ind1="0" ind2=" "><subfield code="a">Biblia</subfield><subfield code="p">A.T.</subfield><subfield code="p">Exodo</subfield></datafield><datafield tag="245" ind1="1" ind2="0"><subfield code="a">[Fragmento de rollo sinagogal (Ex 30,15-32,6.)]</subfield><subfield code="h">[Manuscrito]</subfield></datafield><datafield tag="260" ind1=" " ind2=" "><subfield code="a">[S.l.],</subfield><subfield code="c">[17--].</subfield></datafield><datafield tag="300" ind1=" " ind2=" "><subfield code="a">Fragmento de rollo (2 col., 42 lín.) ;</subfield><subfield code="c">39,3 x 29 cm.</subfield></datafield><datafield tag="490" ind1="0" ind2=" "><subfield code="a">Manuscripta</subfield></datafield><datafield tag="500" ind1=" " ind2=" "><subfield code="a">Lugar de escritura: Desconocido</subfield></datafield><datafield tag="500" ind1=" " ind2=" "><subfield code="a">Copista: Desconocido</subfield></datafield><datafield tag="500" ind1=" " ind2=" "><subfield code="a">Características especiales: Se respetan los espacios y líneas en blanco habituales de las secciones correspondientes.</subfield></datafield><datafield tag="500" ind1=" " ind2=" "><subfield code="a">Buen estado de conservación</subfield></datafield><datafield tag="500" ind1=" " ind2=" "><subfield code="a">Rayaduras visibles para marcar las líneas de escritura y márgenes laterales.</subfield></datafield><datafield tag="500" ind1=" " ind2=" "><subfield code="a">Signatura antigua: CVI-M/107</subfield></datafield><datafield tag="505" ind1="8" ind2="0"><subfield code="a">Éxodo 30,15-32,6.</subfield></datafield><datafield tag="541" ind1=" " ind2=" "><subfield code="c">Procedencia: Donación</subfield><subfield code="a">María Teresa Ortega Monasterio;</subfield><subfield code="b">Tánger,</subfield><subfield code="d">2005</subfield></datafield><datafield tag="546" ind1=" " ind2=" "><subfield code="a">Hebreo</subfield><subfield code="b">Escritura Hebrea sefardí cuadrada con tagin</subfield></datafield><datafield tag="563" ind1=" " ind2=" "><subfield code="a">Piel</subfield></datafield><datafield tag="630" ind1="0" ind2="7"><subfield code="a">Biblia</subfield><subfield code="p">A.T.</subfield><subfield code="p">Exodo</subfield><subfield code="2">CSICAU</subfield></datafield><datafield tag="650" ind1=" " ind2="7"><subfield code="a">Manuscritos hebreos.</subfield><subfield code="2">CSICAU</subfield></datafield><datafield tag="830" ind1=" " ind2="0"><subfield code="a">Manuscripta</subfield></datafield><datafield tag="856" ind1="4" ind2="1"><subfield code="u">http://aleph.csic.es/imagenes/mad01/0006_PMSC/P_001221224_637950_V00.pdf</subfield><subfield code="z">Descargar Pdf completo (541K)</subfield><subfield code="m">CSIC</subfield></datafield><datafield tag="856" ind1="4" ind2="1"><subfield code="u">http://simurg.bibliotecas.csic.es/viewer/image/CSIC001221224/1/</subfield><subfield code="z">Ver texto completo en SIMURG, el portal de fondos digitalizados del CSIC</subfield><subfield code="m">CSIC</subfield></datafield><datafield tag="856" ind1="4" ind2="1"><subfield code="u">http://aleph.csic.es/imagenes/mad01/0006_PMSC/html/001221224.html</subfield><subfield code="z">Ver texto completo en Bookreader</subfield></datafield></record></metadata></record>